% -------------------------------------------------------------
% CREEM 2020 - BIBFILE EXAMPLE
% -------------------------------------------------------------

@ARTICLE{BandarraFilho2011,
 AUTHOR =	{E P {Bandarra Filho} and J M S Jabardo},
 TITLE =	{Convective Boiling Performance of Refrigerant {R}-134a in Herringbone and Microfin Copper Tubes},
 JOURNAL =	{International Journal of Refrigeration},
 VOLUME =	{29},
 NUMBER =       {1},
 PAGES =	{81-91},
 YEAR =		{2011},
}

% -------------------------------------------------------------

@ARTICLE{CavaliniJunior2015,
 AUTHOR =	{A A {Cavalini Junior} and F A Lara-Molina  and T P Sales and E H Koroishi and V Steffen},
 TITLE =	{Uncertainty analysis of a flexible rotor supported by fluid film bearings},
 JOURNAL =	{Latin American Journal of Solids and Structures},
 VOLUME =	{12},
 PAGES =	{1487-1504},
 YEAR =		{2015},
}

% -------------------------------------------------------------

@PHDTHESIS{CavaliniJunior2013,
 AUTHOR =	{A A {Cavalini Junior}},
 TITLE =	{Detec\c{c}\~ao e identifica\c{c}\~ao de trincas transversais incipientes em eixos horizontais flex\'iveis de m\'aquinas rotativas},
 SCHOOL =	{Universidade Federal de Uberl\^andia},
 ADDRESS =	{Uberl\^andia, Brasil},
 YEAR =		{2013},
}

% -------------------------------------------------------------

@mastersthesis{coelho2017,
 AUTHOR =	{F R Coelho},
 TITLE =	{Gera\c{c}\~ao de novas correla\c{c}\~oes da soma-ponderada-de-gases-cinza para {H2O} e {CO2} em alta press\~ao},
 SCHOOL =	{Universidade Federal do Rio Grande do Sul},
 ADDRESS =	{Porto Alegre, Brasil},
 YEAR =		{2017},
}

% -------------------------------------------------------------

@MISC{MLA04,
 AUTHOR =	{MLA},
 TITLE =	{How do {I} document sources from the Web in my works-cited list?},
 HOWPUBLISHED =	{Modern Language Association. 22 Feb. 2007  <http://www.mla.org>},
 MONTH =	{Abril},
 YEAR =		{2004},	
}

% -------------------------------------------------------------

@BOOK{McConnell.Varoto.2008,
 AUTHOR =	{K G McConnell and P S Varoto},
 TITLE =	{Vibration Testing: Theory and Practice},
 PUBLISHER =	{John Wiley \& Sons},
 ADDRESS =	{New Jersey},
 EDITION = {2nd Edition},
 YEAR =		{2008},
}

% -------------------------------------------------------------

@INPROCEEDINGS{Santos2013a,
 AUTHOR =	{D D Santos and G M Furtado and S L Frey and M F Naccache and P R {de Souza Mendes}},
 TITLE =	{Flow of elasto-viscoplastic fluids inside a cavity},
 BOOKTITLE =	{Proceedings of the 22nd International Congress of Mechanical Engineering - COBEM 2013},
 YEAR =		{2013},
 ADDRESS =	{Ribeir\~ao Preto, Brazil},
}

% -------------------------------------------------------------

@INPROCEEDINGS{Santos2013b,
 AUTHOR =	{D D Santos and G M Furtado and S L Frey and M F Naccache and P R {de Souza Mendes}},
 TITLE =	{Numerical investigation of elastic and viscous effects on inertial viscoplastic fluid flows},
 BOOKTITLE =	{Proceedings of the 22nd International Congress of Mechanical Engineering - COBEM 2013},
 YEAR =		{2013},
 ADDRESS =	{Ribeir\~ao Preto, Brazil},
}

% -------------------------------------------------------------

@MISC{report:iea_efficiency,
  author        = {IEA},
  title         = {Multiple Benefits of Energy Efficiency},
  year          = {2019},
  HOWPUBLISHED  =	{International Energy Agency. 22 Nov. 2020 <\url{https://www.iea.org/reports/multiple-benefits-of-energy-efficiency}>}
}

@MISC{report:iea_data,
  author        = {IEA},
  title         = {Data and statistics},
  year          = {2018},
  HOWPUBLISHED  =	{International Energy Agency. 22 Nov. 2020 <\url{https://www.iea.org/data-and-statistics}>}
}

@MISC{site:shell,
  author        = {Shell},
  title         = {Shell Eco-marathon},
  year          = {2020?},
  HOWPUBLISHED  =	{Shell. 22 Nov. 2020 <\url{https://www.makethefuture.shell/en-gb/shell-eco-marathon}>}
}

@MISC{site:dados_sonoma,
  author       = {DEV},
  title        = {Sonoma Raceway},
  howpublished = {Duke Electric Vehicles. 22 Nov. 2020 <\url{http://www.duke-ev.org/blog/2018/11/23/sonoma-raceway}>},
  year         = {2018}
}

@BOOK{book:guzzella2012vehicle,
  AUTHOR    = {Guzzella, L. and Sciarretta, A.},
  ADDRESS   = {Heidelberg},
  TITLE     = {Vehicle Propulsion Systems},
  SUBTITLE  = {Introduction to Modeling and Optimization},
  PUBLISHER = {Springer},
  YEAR      = {2013},
  CHAPTER   = {2},
}

@BOOK{book:PacCarII,
  TITLE     = {The World's Most Fuel Efficient Vehicle},
  SUBTITLE  = {Design and Development of {P}ac {C}ar {II}},
  AUTHOR    = {Santin, J. J. and Onder, Christopher H. and Bernard, J. and Isler, D. and Kobler, P. and Kolb, F. and Weidmann, N. and Guzzella, L.},
  YEAR      = {2007},
  PUBLISHER = {vdf Hochschulverlag AG an der ETH Z{\"u}rich},
  ADDRESS   = {Z{\"u}rich}
}

@article{pp:Spanoudakis2020, 
title = {{Efficient Gear Ratio Selection of a Single-Speed Drivetrain for Improved Electric Vehicle Energy Consumption}}, 
author = {Spanoudakis, Polychronis and Moschopoulos, Gerasimos and Stefanoulis, Theodoros and Sarantinoudis, Nikolaos and Papadokokolakis, Eftichios and Ioannou, Ioannis and Piperidis, Savvas and Doitsidis, Lefteris and Tsourveloudis, Nikolaos C.}, 
journal = {Sustainability}, 
doi = {10.3390/su12219254}, 
pages = {9254}, 
number = {21}, 
volume = {12}, 
year = {2020}
}

@article{pp:Liu2018, 
title = {{Increasing Fuel Efficiency of a Hybrid Electric Competition Car by a Binary Equivalent Consumption Minimization Strategy}}, 
author = {Liu, Tong and Feng, Lei and Hellgren, Mikael and Wikander, Jan}, 
journal = {2018 IEEE 14th International Conference on Automation Science and Engineering (CASE)}, 
doi = {10.1109/coase.2018.8560378}, 
pages = {1--7}, 
volume = {00}, 
year = {2018}
}

@article{pp:Guzzella2007, 
title = {{Modeling and Control of Advanced Propulsion Systems}}, 
author = {Guzzella, L.}, 
journal = {Oil \& Gas Science and Technology - Revue de l'IFP}, 
doi = {10.2516/ogst:2007040}, 
pages = {585--594}, 
number = {4}, 
volume = {62}, 
year = {2007}
}

@article{pp:Gechev2020, 
title = {{Driving strategy for minimal energy consumption of an ultra-energy-efficient vehicle in Shell Eco-marathon competition}}, 
author = {Gechev, Tsvetomir and Punov, Plamen}, 
journal = {IOP Conference Series: Materials Science and Engineering}, 
doi = {10.1088/1757-899x/1002/1/012018}, 
pages = {012018}, 
number = {1}, 
volume = {1002}, 
year = {2020}
}

@article{pp:Targosz2018, 
title = {{Model-Based Optimization of Velocity Strategy for Lightweight Electric Racing Cars}}, 
author = {Targosz, Mirosław and Skarka, Wojciech and Przystałka, Piotr}, 
journal = {Journal of Advanced Transportation}, 
doi = {10.1155/2018/3614025}, 
pages = {1--20}, 
volume = {2018}, 
year = {2018}
}

@article{pp:Briguiet2020, 
title = {{Eficiência energética de um veículo elétrico}}, 
author = {Briguiet, GOF and Caldas, JPQ and Lima, LAG and Santiago, VS}, 
journal = {Revista Militar de Ciência e Tecnologia}, 
volume = {37}, 
year = {2020}
}

@article{pp:Sawulski2019, 
title = {{Real-Time Optimisation of Control Strategy for a Low Fuel Consumption Vehicle Engine Using STM32 Microcontroller: Preliminary Results}}, 
author = {Sawulski, Jakub and Lawrynczuk, Maciej}, 
journal = {2019 18th European Control Conference (ECC)}, 
doi = {10.23919/ecc.2019.8796299}, 
pages = {4246--4251}, 
year = {2019}
}



@MISC{manual:Falcon,
  author       = {Rieck, M. and Bittner, M. and Gr{\"u}ter, B. and Diepolder, J. and Piprek, P.},
  title        = {FALCON.m User Guide},
  howpublished = {Technische Universit{\"a}t M{\"u}nchen. 22 Nov. 2020 <\url{https://www.fsd.lrg.tum.de/software/wp-content/uploads/UserGuideMain.pdf}>},
  year         = {2020}
}

@article{pp:Grady2019, 
title = {{A Study of Energy Losses in the World's Most Fuel Efficient Vehicle}}, 
author = {Grady, Patrick and Chen, Gerry and Verma, Shomik and Marellapudi, Aniruddh and Hotz, Nico}, 
journal = {2019 IEEE Vehicle Power and Propulsion Conference (VPPC)}, 
doi = {10.1109/vppc46532.2019.8952212}, 
pages = {1--6}, 
volume = {00}, 
year = {2019}
}

